%YAML 1.1
%TAG !u! tag:unity3d.com,2011:
--- !u!1001 &100100000
Prefab:
  m_ObjectHideFlags: 1
  serializedVersion: 2
  m_Modification:
    m_TransformParent: {fileID: 0}
    m_Modifications: []
    m_RemovedComponents: []
  m_ParentPrefab: {fileID: 0}
  m_RootGameObject: {fileID: 1113871516227488}
  m_IsPrefabParent: 1
--- !u!1 &1113871516227488
GameObject:
  m_ObjectHideFlags: 0
  m_PrefabParentObject: {fileID: 0}
  m_PrefabInternal: {fileID: 100100000}
  serializedVersion: 5
  m_Component:
  - component: {fileID: 4438723419828260}
  - component: {fileID: 114011228863034662}
  m_Layer: 0
  m_Name: LightSystem
  m_TagString: Untagged
  m_Icon: {fileID: 0}
  m_NavMeshLayer: 0
  m_StaticEditorFlags: 0
  m_IsActive: 1
--- !u!1 &1684973015781960
GameObject:
  m_ObjectHideFlags: 0
  m_PrefabParentObject: {fileID: 0}
  m_PrefabInternal: {fileID: 100100000}
  serializedVersion: 5
  m_Component:
  - component: {fileID: 4284411597050490}
  - component: {fileID: 108282259202313436}
  m_Layer: 0
  m_Name: Directional Sun
  m_TagString: Untagged
  m_Icon: {fileID: 0}
  m_NavMeshLayer: 0
  m_StaticEditorFlags: 0
  m_IsActive: 1
--- !u!1 &1735476228474102
GameObject:
  m_ObjectHideFlags: 0
  m_PrefabParentObject: {fileID: 0}
  m_PrefabInternal: {fileID: 100100000}
  serializedVersion: 5
  m_Component:
  - component: {fileID: 4438975252548172}
  - component: {fileID: 108073187174587090}
  m_Layer: 0
  m_Name: Directional Moon
  m_TagString: Untagged
  m_Icon: {fileID: 0}
  m_NavMeshLayer: 0
  m_StaticEditorFlags: 0
  m_IsActive: 1
--- !u!4 &4284411597050490
Transform:
  m_ObjectHideFlags: 1
  m_PrefabParentObject: {fileID: 0}
  m_PrefabInternal: {fileID: 100100000}
  m_GameObject: {fileID: 1684973015781960}
  m_LocalRotation: {x: -0.46862063, y: -0, z: -0, w: 0.8833995}
  m_LocalPosition: {x: -21.750063, y: -1155, z: -324}
  m_LocalScale: {x: 1, y: 1, z: 1}
  m_Children: []
  m_Father: {fileID: 4438723419828260}
  m_RootOrder: 0
  m_LocalEulerAnglesHint: {x: -55.890003, y: 0, z: 0}
--- !u!4 &4438723419828260
Transform:
  m_ObjectHideFlags: 1
  m_PrefabParentObject: {fileID: 0}
  m_PrefabInternal: {fileID: 100100000}
  m_GameObject: {fileID: 1113871516227488}
  m_LocalRotation: {x: -0, y: -0, z: -0, w: 1}
  m_LocalPosition: {x: 21.750063, y: 0.77278906, z: 13.375209}
  m_LocalScale: {x: 1, y: 1, z: 1}
  m_Children:
  - {fileID: 4284411597050490}
  - {fileID: 4438975252548172}
  m_Father: {fileID: 0}
  m_RootOrder: 0
  m_LocalEulerAnglesHint: {x: 0, y: 0, z: 0}
--- !u!4 &4438975252548172
Transform:
  m_ObjectHideFlags: 1
  m_PrefabParentObject: {fileID: 0}
  m_PrefabInternal: {fileID: 100100000}
  m_GameObject: {fileID: 1735476228474102}
  m_LocalRotation: {x: 0.7794504, y: 0.09136413, z: 0.022662789, w: 0.6193513}
  m_LocalPosition: {x: -21.750063, y: 702, z: -324}
  m_LocalScale: {x: 1, y: 1, z: 1}
  m_Children: []
  m_Father: {fileID: 4438723419828260}
  m_RootOrder: 1
  m_LocalEulerAnglesHint: {x: 105.978, y: -32.64801, z: -38.270996}
--- !u!108 &108073187174587090
Light:
  m_ObjectHideFlags: 1
  m_PrefabParentObject: {fileID: 0}
  m_PrefabInternal: {fileID: 100100000}
  m_GameObject: {fileID: 1735476228474102}
  m_Enabled: 1
  serializedVersion: 8
  m_Type: 1
  m_Color: {r: 0.3886786, g: 0.50134975, b: 0.5808823, a: 1}
  m_Intensity: 1
  m_Range: 10
  m_SpotAngle: 30
  m_CookieSize: 10
  m_Shadows:
    m_Type: 2
    m_Resolution: -1
    m_CustomResolution: -1
    m_Strength: 1
    m_Bias: 0.05
    m_NormalBias: 0.4
    m_NearPlane: 0.2
  m_Cookie: {fileID: 0}
  m_DrawHalo: 0
  m_Flare: {fileID: 0}
  m_RenderMode: 0
  m_CullingMask:
    serializedVersion: 2
    m_Bits: 4294967295
  m_Lightmapping: 4
  m_AreaSize: {x: 1, y: 1}
  m_BounceIntensity: 1
  m_ColorTemperature: 6570
  m_UseColorTemperature: 0
  m_ShadowRadius: 0
  m_ShadowAngle: 0
--- !u!108 &108282259202313436
Light:
  m_ObjectHideFlags: 1
  m_PrefabParentObject: {fileID: 0}
  m_PrefabInternal: {fileID: 100100000}
  m_GameObject: {fileID: 1684973015781960}
  m_Enabled: 1
  serializedVersion: 8
  m_Type: 1
  m_Color: {r: 1, g: 0.95686275, b: 0.8392157, a: 1}
  m_Intensity: 1
  m_Range: 10
  m_SpotAngle: 30
  m_CookieSize: 10
  m_Shadows:
    m_Type: 2
    m_Resolution: -1
    m_CustomResolution: -1
    m_Strength: 0.5
    m_Bias: 0.05
    m_NormalBias: 0.4
    m_NearPlane: 0.2
  m_Cookie: {fileID: 0}
  m_DrawHalo: 0
  m_Flare: {fileID: 0}
  m_RenderMode: 0
  m_CullingMask:
    serializedVersion: 2
    m_Bits: 4294967295
  m_Lightmapping: 4
  m_AreaSize: {x: 1, y: 1}
  m_BounceIntensity: 1
  m_ColorTemperature: 6570
  m_UseColorTemperature: 0
  m_ShadowRadius: 0
  m_ShadowAngle: 0
--- !u!114 &114011228863034662
MonoBehaviour:
  m_ObjectHideFlags: 1
  m_PrefabParentObject: {fileID: 0}
  m_PrefabInternal: {fileID: 100100000}
  m_GameObject: {fileID: 1113871516227488}
  m_Enabled: 1
  m_EditorHideFlags: 0
  m_Script: {fileID: 11500000, guid: 9b5d578055c492f4fb96a178fb39f771, type: 3}
  m_Name: 
  m_EditorClassIdentifier: 
  dayPhaseDatas:
  - {fileID: 11400000, guid: 9c7d744b5a7071b4e87b8d0ea10b131a, type: 2}
  - {fileID: 11400000, guid: 3ad8076d89ff0a14eaa1bc334ae3af51, type: 2}
  - {fileID: 11400000, guid: 0db4327ddd53d30419d8a0220d0e41bb, type: 2}
  - {fileID: 11400000, guid: 7293fad04391c144ebea4c50cc60cf27, type: 2}
  - {fileID: 11400000, guid: 4da0fa02a9ac9464a9b939b1352775d8, type: 2}
  - {fileID: 11400000, guid: 8e83af83733341141ada4baa365d80f7, type: 2}
  - {fileID: 11400000, guid: 5debcebeda504b1439e6cabdbd7c9942, type: 2}
  - {fileID: 11400000, guid: 34167800eba75d84a86509c6953a3439, type: 2}
  - {fileID: 11400000, guid: 23b48f8c96a5a0f42a377f869e4a88b4, type: 2}
  - {fileID: 11400000, guid: 8429ce042143c6d4c87d3ca0fc51fdff, type: 2}
  - {fileID: 11400000, guid: d376beac9bf26ac4bbfef7c99ffbc0d0, type: 2}
  dayAcceleration: 800
  startTimeInHours: 8
  Sun: {fileID: 108282259202313436}
  Moon: {fileID: 108073187174587090}
